%YAML 1.1
%TAG !u! tag:unity3d.com,2011:
--- !u!1001 &100100000
Prefab:
  m_ObjectHideFlags: 1
  serializedVersion: 2
  m_Modification:
    m_TransformParent: {fileID: 0}
    m_Modifications: []
    m_RemovedComponents: []
  m_ParentPrefab: {fileID: 0}
  m_RootGameObject: {fileID: 1643974804578404}
  m_IsPrefabParent: 1
--- !u!1 &1041707161183114
GameObject:
  m_ObjectHideFlags: 0
  m_PrefabParentObject: {fileID: 0}
  m_PrefabInternal: {fileID: 100100000}
  serializedVersion: 5
  m_Component:
  - component: {fileID: 4885952018084566}
  m_Layer: 0
  m_Name: Root
  m_TagString: Untagged
  m_Icon: {fileID: 0}
  m_NavMeshLayer: 0
  m_StaticEditorFlags: 0
  m_IsActive: 1
--- !u!1 &1072094720901812
GameObject:
  m_ObjectHideFlags: 1
  m_PrefabParentObject: {fileID: 0}
  m_PrefabInternal: {fileID: 100100000}
  serializedVersion: 5
  m_Component:
  - component: {fileID: 4637282881822106}
  m_Layer: 0
  m_Name: Left_Ring_Finger_Joint_01c
  m_TagString: Untagged
  m_Icon: {fileID: 0}
  m_NavMeshLayer: 0
  m_StaticEditorFlags: 0
  m_IsActive: 1
--- !u!1 &1072745445949492
GameObject:
  m_ObjectHideFlags: 1
  m_PrefabParentObject: {fileID: 0}
  m_PrefabInternal: {fileID: 100100000}
  serializedVersion: 5
  m_Component:
  - component: {fileID: 4149857294965002}
  m_Layer: 0
  m_Name: Left_Middle_Finger_Joint_01a
  m_TagString: Untagged
  m_Icon: {fileID: 0}
  m_NavMeshLayer: 0
  m_StaticEditorFlags: 0
  m_IsActive: 1
--- !u!1 &1090036451067156
GameObject:
  m_ObjectHideFlags: 1
  m_PrefabParentObject: {fileID: 0}
  m_PrefabInternal: {fileID: 100100000}
  serializedVersion: 5
  m_Component:
  - component: {fileID: 4473083911583798}
  m_Layer: 0
  m_Name: Hip
  m_TagString: Untagged
  m_Icon: {fileID: 0}
  m_NavMeshLayer: 0
  m_StaticEditorFlags: 0
  m_IsActive: 1
--- !u!1 &1135628459623012
GameObject:
  m_ObjectHideFlags: 1
  m_PrefabParentObject: {fileID: 0}
  m_PrefabInternal: {fileID: 100100000}
  serializedVersion: 5
  m_Component:
  - component: {fileID: 4640948722891444}
  m_Layer: 0
  m_Name: Left_Thigh_Joint_01
  m_TagString: Untagged
  m_Icon: {fileID: 0}
  m_NavMeshLayer: 0
  m_StaticEditorFlags: 0
  m_IsActive: 1
--- !u!1 &1146585048406438
GameObject:
  m_ObjectHideFlags: 1
  m_PrefabParentObject: {fileID: 0}
  m_PrefabInternal: {fileID: 100100000}
  serializedVersion: 5
  m_Component:
  - component: {fileID: 4433165986740474}
  m_Layer: 0
  m_Name: Left_Middle_Finger_Joint_01b
  m_TagString: Untagged
  m_Icon: {fileID: 0}
  m_NavMeshLayer: 0
  m_StaticEditorFlags: 0
  m_IsActive: 1
--- !u!1 &1160476797373238
GameObject:
  m_ObjectHideFlags: 1
  m_PrefabParentObject: {fileID: 0}
  m_PrefabInternal: {fileID: 100100000}
  serializedVersion: 5
  m_Component:
  - component: {fileID: 4220025637756116}
  m_Layer: 0
  m_Name: Right_Index_Finger_Joint_01a
  m_TagString: Untagged
  m_Icon: {fileID: 0}
  m_NavMeshLayer: 0
  m_StaticEditorFlags: 0
  m_IsActive: 1
--- !u!1 &1161017697783658
GameObject:
  m_ObjectHideFlags: 1
  m_PrefabParentObject: {fileID: 0}
  m_PrefabInternal: {fileID: 100100000}
  serializedVersion: 5
  m_Component:
  - component: {fileID: 4424113356924380}
  m_Layer: 0
  m_Name: Right_Shoulder_Joint_01
  m_TagString: Untagged
  m_Icon: {fileID: 0}
  m_NavMeshLayer: 0
  m_StaticEditorFlags: 0
  m_IsActive: 1
--- !u!1 &1177956451258168
GameObject:
  m_ObjectHideFlags: 1
  m_PrefabParentObject: {fileID: 0}
  m_PrefabInternal: {fileID: 100100000}
  serializedVersion: 5
  m_Component:
  - component: {fileID: 4991259732815432}
  m_Layer: 0
  m_Name: Right_Upper_Arm_Joint_01
  m_TagString: Untagged
  m_Icon: {fileID: 0}
  m_NavMeshLayer: 0
  m_StaticEditorFlags: 0
  m_IsActive: 1
--- !u!1 &1179381016780804
GameObject:
  m_ObjectHideFlags: 1
  m_PrefabParentObject: {fileID: 0}
  m_PrefabInternal: {fileID: 100100000}
  serializedVersion: 5
  m_Component:
  - component: {fileID: 4908781371642916}
  m_Layer: 0
  m_Name: Left_Index_Finger_Joint_01a
  m_TagString: Untagged
  m_Icon: {fileID: 0}
  m_NavMeshLayer: 0
  m_StaticEditorFlags: 0
  m_IsActive: 1
--- !u!1 &1188027163721516
GameObject:
  m_ObjectHideFlags: 1
  m_PrefabParentObject: {fileID: 0}
  m_PrefabInternal: {fileID: 100100000}
  serializedVersion: 5
  m_Component:
  - component: {fileID: 4076612672906446}
  m_Layer: 0
  m_Name: Left_Index_Finger_Joint_01b
  m_TagString: Untagged
  m_Icon: {fileID: 0}
  m_NavMeshLayer: 0
  m_StaticEditorFlags: 0
  m_IsActive: 1
--- !u!1 &1202397555736446
GameObject:
  m_ObjectHideFlags: 1
  m_PrefabParentObject: {fileID: 0}
  m_PrefabInternal: {fileID: 100100000}
  serializedVersion: 5
  m_Component:
  - component: {fileID: 4840262827136206}
  m_Layer: 0
  m_Name: Left_Thumb_Joint_01b
  m_TagString: Untagged
  m_Icon: {fileID: 0}
  m_NavMeshLayer: 0
  m_StaticEditorFlags: 0
  m_IsActive: 1
--- !u!1 &1280517582951872
GameObject:
  m_ObjectHideFlags: 1
  m_PrefabParentObject: {fileID: 0}
  m_PrefabInternal: {fileID: 100100000}
  serializedVersion: 5
  m_Component:
  - component: {fileID: 4751292317383558}
  m_Layer: 0
  m_Name: Left_Ring_Finger_Joint_01a
  m_TagString: Untagged
  m_Icon: {fileID: 0}
  m_NavMeshLayer: 0
  m_StaticEditorFlags: 0
  m_IsActive: 1
--- !u!1 &1331649010931788
GameObject:
  m_ObjectHideFlags: 1
  m_PrefabParentObject: {fileID: 0}
  m_PrefabInternal: {fileID: 100100000}
  serializedVersion: 5
  m_Component:
  - component: {fileID: 4463507972083158}
  m_Layer: 0
  m_Name: Left_Wrist_Joint_01
  m_TagString: Untagged
  m_Icon: {fileID: 0}
  m_NavMeshLayer: 0
  m_StaticEditorFlags: 0
  m_IsActive: 1
--- !u!1 &1337065988786290
GameObject:
  m_ObjectHideFlags: 1
  m_PrefabParentObject: {fileID: 0}
  m_PrefabInternal: {fileID: 100100000}
  serializedVersion: 5
  m_Component:
  - component: {fileID: 4038679436040952}
  m_Layer: 0
  m_Name: Right_Ring_Finger_Joint_01a
  m_TagString: Untagged
  m_Icon: {fileID: 0}
  m_NavMeshLayer: 0
  m_StaticEditorFlags: 0
  m_IsActive: 1
--- !u!1 &1348340933404338
GameObject:
  m_ObjectHideFlags: 1
  m_PrefabParentObject: {fileID: 0}
  m_PrefabInternal: {fileID: 100100000}
  serializedVersion: 5
  m_Component:
  - component: {fileID: 4759645277151802}
  m_Layer: 0
  m_Name: Right_Thigh_Joint_01
  m_TagString: Untagged
  m_Icon: {fileID: 0}
  m_NavMeshLayer: 0
  m_StaticEditorFlags: 0
  m_IsActive: 1
--- !u!1 &1397643635666376
GameObject:
  m_ObjectHideFlags: 1
  m_PrefabParentObject: {fileID: 0}
  m_PrefabInternal: {fileID: 100100000}
  serializedVersion: 5
  m_Component:
  - component: {fileID: 4640169282688438}
  m_Layer: 0
  m_Name: Left_Pinky_Finger_Joint_01c
  m_TagString: Untagged
  m_Icon: {fileID: 0}
  m_NavMeshLayer: 0
  m_StaticEditorFlags: 0
  m_IsActive: 1
--- !u!1 &1424810783664744
GameObject:
  m_ObjectHideFlags: 1
  m_PrefabParentObject: {fileID: 0}
  m_PrefabInternal: {fileID: 100100000}
  serializedVersion: 5
  m_Component:
  - component: {fileID: 4753199494264958}
  m_Layer: 0
  m_Name: Left_Ankle_Joint_01
  m_TagString: Untagged
  m_Icon: {fileID: 0}
  m_NavMeshLayer: 0
  m_StaticEditorFlags: 0
  m_IsActive: 1
--- !u!1 &1426954844398630
GameObject:
  m_ObjectHideFlags: 1
  m_PrefabParentObject: {fileID: 0}
  m_PrefabInternal: {fileID: 100100000}
  serializedVersion: 5
  m_Component:
  - component: {fileID: 4622349056579270}
  m_Layer: 0
  m_Name: Left_Ring_Finger_Joint_01b
  m_TagString: Untagged
  m_Icon: {fileID: 0}
  m_NavMeshLayer: 0
  m_StaticEditorFlags: 0
  m_IsActive: 1
--- !u!1 &1448419059214212
GameObject:
  m_ObjectHideFlags: 1
  m_PrefabParentObject: {fileID: 0}
  m_PrefabInternal: {fileID: 100100000}
  serializedVersion: 5
  m_Component:
  - component: {fileID: 4317210808588722}
  m_Layer: 0
  m_Name: Ribs
  m_TagString: Untagged
  m_Icon: {fileID: 0}
  m_NavMeshLayer: 0
  m_StaticEditorFlags: 0
  m_IsActive: 1
--- !u!1 &1490511083270432
GameObject:
  m_ObjectHideFlags: 1
  m_PrefabParentObject: {fileID: 0}
  m_PrefabInternal: {fileID: 100100000}
  serializedVersion: 5
  m_Component:
  - component: {fileID: 4310445192531768}
  m_Layer: 0
  m_Name: Left_Forearm_Joint_01
  m_TagString: Untagged
  m_Icon: {fileID: 0}
  m_NavMeshLayer: 0
  m_StaticEditorFlags: 0
  m_IsActive: 1
--- !u!1 &1499497228112860
GameObject:
  m_ObjectHideFlags: 1
  m_PrefabParentObject: {fileID: 0}
  m_PrefabInternal: {fileID: 100100000}
  serializedVersion: 5
  m_Component:
  - component: {fileID: 4029775281044820}
  m_Layer: 0
  m_Name: Right_Index_Finger_Joint_01c
  m_TagString: Untagged
  m_Icon: {fileID: 0}
  m_NavMeshLayer: 0
  m_StaticEditorFlags: 0
  m_IsActive: 1
--- !u!1 &1512158942549926
GameObject:
  m_ObjectHideFlags: 1
  m_PrefabParentObject: {fileID: 0}
  m_PrefabInternal: {fileID: 100100000}
  serializedVersion: 5
  m_Component:
  - component: {fileID: 4464981317859512}
  m_Layer: 0
  m_Name: Right_Middle_Finger_Joint_01b
  m_TagString: Untagged
  m_Icon: {fileID: 0}
  m_NavMeshLayer: 0
  m_StaticEditorFlags: 0
  m_IsActive: 1
--- !u!1 &1557580841058530
GameObject:
  m_ObjectHideFlags: 1
  m_PrefabParentObject: {fileID: 0}
  m_PrefabInternal: {fileID: 100100000}
  serializedVersion: 5
  m_Component:
  - component: {fileID: 4935806796352930}
  m_Layer: 0
  m_Name: Left_Pinky_Finger_Joint_01b
  m_TagString: Untagged
  m_Icon: {fileID: 0}
  m_NavMeshLayer: 0
  m_StaticEditorFlags: 0
  m_IsActive: 1
--- !u!1 &1564040287706746
GameObject:
  m_ObjectHideFlags: 1
  m_PrefabParentObject: {fileID: 0}
  m_PrefabInternal: {fileID: 100100000}
  serializedVersion: 5
  m_Component:
  - component: {fileID: 4896546602527116}
  m_Layer: 0
  m_Name: Right_Index_Finger_Joint_01b
  m_TagString: Untagged
  m_Icon: {fileID: 0}
  m_NavMeshLayer: 0
  m_StaticEditorFlags: 0
  m_IsActive: 1
--- !u!1 &1575533049179682
GameObject:
  m_ObjectHideFlags: 1
  m_PrefabParentObject: {fileID: 0}
  m_PrefabInternal: {fileID: 100100000}
  serializedVersion: 5
  m_Component:
  - component: {fileID: 4140041253165312}
  m_Layer: 0
  m_Name: Right_Pinky_Finger_Joint_01a
  m_TagString: Untagged
  m_Icon: {fileID: 0}
  m_NavMeshLayer: 0
  m_StaticEditorFlags: 0
  m_IsActive: 1
--- !u!1 &1606848730572010
GameObject:
  m_ObjectHideFlags: 1
  m_PrefabParentObject: {fileID: 0}
  m_PrefabInternal: {fileID: 100100000}
  serializedVersion: 5
  m_Component:
  - component: {fileID: 4550527626428404}
  m_Layer: 0
  m_Name: Left_Index_Finger_Joint_01c
  m_TagString: Untagged
  m_Icon: {fileID: 0}
  m_NavMeshLayer: 0
  m_StaticEditorFlags: 0
  m_IsActive: 1
--- !u!1 &1618946061019594
GameObject:
  m_ObjectHideFlags: 1
  m_PrefabParentObject: {fileID: 0}
  m_PrefabInternal: {fileID: 100100000}
  serializedVersion: 5
  m_Component:
  - component: {fileID: 4846145003384888}
  m_Layer: 0
  m_Name: Left_Upper_Arm_Joint_01
  m_TagString: Untagged
  m_Icon: {fileID: 0}
  m_NavMeshLayer: 0
  m_StaticEditorFlags: 0
  m_IsActive: 1
--- !u!1 &1619692753938734
GameObject:
  m_ObjectHideFlags: 1
  m_PrefabParentObject: {fileID: 0}
  m_PrefabInternal: {fileID: 100100000}
  serializedVersion: 5
  m_Component:
  - component: {fileID: 4842992332122502}
  m_Layer: 0
  m_Name: Neck
  m_TagString: Untagged
  m_Icon: {fileID: 0}
  m_NavMeshLayer: 0
  m_StaticEditorFlags: 0
  m_IsActive: 1
--- !u!1 &1621972251349656
GameObject:
  m_ObjectHideFlags: 1
  m_PrefabParentObject: {fileID: 0}
  m_PrefabInternal: {fileID: 100100000}
  serializedVersion: 5
  m_Component:
  - component: {fileID: 4272560128430996}
  m_Layer: 0
  m_Name: Right_Pinky_Finger_Joint_01b
  m_TagString: Untagged
  m_Icon: {fileID: 0}
  m_NavMeshLayer: 0
  m_StaticEditorFlags: 0
  m_IsActive: 1
--- !u!1 &1643974804578404
GameObject:
  m_ObjectHideFlags: 0
  m_PrefabParentObject: {fileID: 0}
  m_PrefabInternal: {fileID: 100100000}
  serializedVersion: 5
  m_Component:
  - component: {fileID: 4975107914332770}
  - component: {fileID: 95463984440119920}
  - component: {fileID: 136279187180933752}
  - component: {fileID: 114514886545555080}
  m_Layer: 0
  m_Name: PlayerCharacter 1
  m_TagString: Untagged
  m_Icon: {fileID: 0}
  m_NavMeshLayer: 0
  m_StaticEditorFlags: 0
  m_IsActive: 1
--- !u!1 &1709548651108548
GameObject:
  m_ObjectHideFlags: 1
  m_PrefabParentObject: {fileID: 0}
  m_PrefabInternal: {fileID: 100100000}
  serializedVersion: 5
  m_Component:
  - component: {fileID: 4559271888518486}
  m_Layer: 0
  m_Name: Right_Thumb_Joint_01b
  m_TagString: Untagged
  m_Icon: {fileID: 0}
  m_NavMeshLayer: 0
  m_StaticEditorFlags: 0
  m_IsActive: 1
--- !u!1 &1710757229880092
GameObject:
  m_ObjectHideFlags: 1
  m_PrefabParentObject: {fileID: 0}
  m_PrefabInternal: {fileID: 100100000}
  serializedVersion: 5
  m_Component:
  - component: {fileID: 4861036711980784}
  m_Layer: 0
  m_Name: Right_Forearm_Joint_01
  m_TagString: Untagged
  m_Icon: {fileID: 0}
  m_NavMeshLayer: 0
  m_StaticEditorFlags: 0
  m_IsActive: 1
--- !u!1 &1715210607256580
GameObject:
  m_ObjectHideFlags: 1
  m_PrefabParentObject: {fileID: 0}
  m_PrefabInternal: {fileID: 100100000}
  serializedVersion: 5
  m_Component:
  - component: {fileID: 4779626945941294}
  m_Layer: 0
  m_Name: Right_Knee_Joint_01
  m_TagString: Untagged
  m_Icon: {fileID: 0}
  m_NavMeshLayer: 0
  m_StaticEditorFlags: 0
  m_IsActive: 1
--- !u!1 &1724154036118392
GameObject:
  m_ObjectHideFlags: 1
  m_PrefabParentObject: {fileID: 0}
  m_PrefabInternal: {fileID: 100100000}
  serializedVersion: 5
  m_Component:
  - component: {fileID: 4604505240372378}
  m_Layer: 0
  m_Name: Left_Middle_Finger_Joint_01c
  m_TagString: Untagged
  m_Icon: {fileID: 0}
  m_NavMeshLayer: 0
  m_StaticEditorFlags: 0
  m_IsActive: 1
--- !u!1 &1725496337734312
GameObject:
  m_ObjectHideFlags: 1
  m_PrefabParentObject: {fileID: 0}
  m_PrefabInternal: {fileID: 100100000}
  serializedVersion: 5
  m_Component:
  - component: {fileID: 4538913685343752}
  m_Layer: 0
  m_Name: Right_Toe_Joint_01
  m_TagString: Untagged
  m_Icon: {fileID: 0}
  m_NavMeshLayer: 0
  m_StaticEditorFlags: 0
  m_IsActive: 1
--- !u!1 &1745958585362238
GameObject:
  m_ObjectHideFlags: 1
  m_PrefabParentObject: {fileID: 0}
  m_PrefabInternal: {fileID: 100100000}
  serializedVersion: 5
  m_Component:
  - component: {fileID: 4940054081381864}
  m_Layer: 0
  m_Name: Left_Thumb_Joint_01a
  m_TagString: Untagged
  m_Icon: {fileID: 0}
  m_NavMeshLayer: 0
  m_StaticEditorFlags: 0
  m_IsActive: 1
--- !u!1 &1785936669954188
GameObject:
  m_ObjectHideFlags: 1
  m_PrefabParentObject: {fileID: 0}
  m_PrefabInternal: {fileID: 100100000}
  serializedVersion: 5
  m_Component:
  - component: {fileID: 4611681812799926}
  m_Layer: 0
  m_Name: Right_Thumb_Joint_01a
  m_TagString: Untagged
  m_Icon: {fileID: 0}
  m_NavMeshLayer: 0
  m_StaticEditorFlags: 0
  m_IsActive: 1
--- !u!1 &1799278383653934
GameObject:
  m_ObjectHideFlags: 1
  m_PrefabParentObject: {fileID: 0}
  m_PrefabInternal: {fileID: 100100000}
  serializedVersion: 5
  m_Component:
  - component: {fileID: 4089521975800614}
  m_Layer: 0
  m_Name: Right_Ring_Finger_Joint_01c
  m_TagString: Untagged
  m_Icon: {fileID: 0}
  m_NavMeshLayer: 0
  m_StaticEditorFlags: 0
  m_IsActive: 1
--- !u!1 &1812477985258192
GameObject:
  m_ObjectHideFlags: 1
  m_PrefabParentObject: {fileID: 0}
  m_PrefabInternal: {fileID: 100100000}
  serializedVersion: 5
  m_Component:
  - component: {fileID: 4441910623811088}
  m_Layer: 0
  m_Name: Head
  m_TagString: Untagged
  m_Icon: {fileID: 0}
  m_NavMeshLayer: 0
  m_StaticEditorFlags: 0
  m_IsActive: 1
--- !u!1 &1815113690182690
GameObject:
  m_ObjectHideFlags: 1
  m_PrefabParentObject: {fileID: 0}
  m_PrefabInternal: {fileID: 100100000}
  serializedVersion: 5
  m_Component:
  - component: {fileID: 4889241296538150}
  m_Layer: 0
  m_Name: Right_Middle_Finger_Joint_01a
  m_TagString: Untagged
  m_Icon: {fileID: 0}
  m_NavMeshLayer: 0
  m_StaticEditorFlags: 0
  m_IsActive: 1
--- !u!1 &1836691943887682
GameObject:
  m_ObjectHideFlags: 1
  m_PrefabParentObject: {fileID: 0}
  m_PrefabInternal: {fileID: 100100000}
  serializedVersion: 5
  m_Component:
  - component: {fileID: 4123387003669226}
  m_Layer: 0
  m_Name: Left_Shoulder_Joint_01
  m_TagString: Untagged
  m_Icon: {fileID: 0}
  m_NavMeshLayer: 0
  m_StaticEditorFlags: 0
  m_IsActive: 1
--- !u!1 &1854420640038914
GameObject:
  m_ObjectHideFlags: 1
  m_PrefabParentObject: {fileID: 0}
  m_PrefabInternal: {fileID: 100100000}
  serializedVersion: 5
  m_Component:
  - component: {fileID: 4121995234083904}
  m_Layer: 0
  m_Name: Right_Wrist_Joint_01
  m_TagString: Untagged
  m_Icon: {fileID: 0}
  m_NavMeshLayer: 0
  m_StaticEditorFlags: 0
  m_IsActive: 1
--- !u!1 &1862282148526928
GameObject:
  m_ObjectHideFlags: 1
  m_PrefabParentObject: {fileID: 0}
  m_PrefabInternal: {fileID: 100100000}
  serializedVersion: 5
  m_Component:
  - component: {fileID: 4967873203349408}
  m_Layer: 0
  m_Name: Right_Ankle_Joint_01
  m_TagString: Untagged
  m_Icon: {fileID: 0}
  m_NavMeshLayer: 0
  m_StaticEditorFlags: 0
  m_IsActive: 1
--- !u!1 &1890072131983886
GameObject:
  m_ObjectHideFlags: 1
  m_PrefabParentObject: {fileID: 0}
  m_PrefabInternal: {fileID: 100100000}
  serializedVersion: 5
  m_Component:
  - component: {fileID: 4331838884289672}
  m_Layer: 0
  m_Name: Left_Pinky_Finger_Joint_01a
  m_TagString: Untagged
  m_Icon: {fileID: 0}
  m_NavMeshLayer: 0
  m_StaticEditorFlags: 0
  m_IsActive: 1
--- !u!1 &1924034979265488
GameObject:
  m_ObjectHideFlags: 1
  m_PrefabParentObject: {fileID: 0}
  m_PrefabInternal: {fileID: 100100000}
  serializedVersion: 5
  m_Component:
  - component: {fileID: 4848117340357178}
  m_Layer: 0
  m_Name: Left_Toe_Joint_01
  m_TagString: Untagged
  m_Icon: {fileID: 0}
  m_NavMeshLayer: 0
  m_StaticEditorFlags: 0
  m_IsActive: 1
--- !u!1 &1931408424841770
GameObject:
  m_ObjectHideFlags: 1
  m_PrefabParentObject: {fileID: 0}
  m_PrefabInternal: {fileID: 100100000}
  serializedVersion: 5
  m_Component:
  - component: {fileID: 4819930248825914}
  m_Layer: 0
  m_Name: Right_Middle_Finger_Joint_01c
  m_TagString: Untagged
  m_Icon: {fileID: 0}
  m_NavMeshLayer: 0
  m_StaticEditorFlags: 0
  m_IsActive: 1
--- !u!1 &1967317555055984
GameObject:
  m_ObjectHideFlags: 1
  m_PrefabParentObject: {fileID: 0}
  m_PrefabInternal: {fileID: 100100000}
  serializedVersion: 5
  m_Component:
  - component: {fileID: 4843777761908348}
  m_Layer: 0
  m_Name: Right_Ring_Finger_Joint_01b
  m_TagString: Untagged
  m_Icon: {fileID: 0}
  m_NavMeshLayer: 0
  m_StaticEditorFlags: 0
  m_IsActive: 1
--- !u!1 &1971753734745348
GameObject:
  m_ObjectHideFlags: 1
  m_PrefabParentObject: {fileID: 0}
  m_PrefabInternal: {fileID: 100100000}
  serializedVersion: 5
  m_Component:
  - component: {fileID: 4999489118582118}
  m_Layer: 0
  m_Name: Left_Knee_Joint_01
  m_TagString: Untagged
  m_Icon: {fileID: 0}
  m_NavMeshLayer: 0
  m_StaticEditorFlags: 0
  m_IsActive: 1
--- !u!1 &1985086990578672
GameObject:
  m_ObjectHideFlags: 0
  m_PrefabParentObject: {fileID: 0}
  m_PrefabInternal: {fileID: 100100000}
  serializedVersion: 5
  m_Component:
  - component: {fileID: 4686978648795022}
  - component: {fileID: 137008244336830158}
  m_Layer: 0
  m_Name: Robot2
  m_TagString: Untagged
  m_Icon: {fileID: 0}
  m_NavMeshLayer: 0
  m_StaticEditorFlags: 0
  m_IsActive: 1
--- !u!1 &1990490328250264
GameObject:
  m_ObjectHideFlags: 1
  m_PrefabParentObject: {fileID: 0}
  m_PrefabInternal: {fileID: 100100000}
  serializedVersion: 5
  m_Component:
  - component: {fileID: 4161084642421344}
  m_Layer: 0
  m_Name: Right_Pinky_Finger_Joint_01c
  m_TagString: Untagged
  m_Icon: {fileID: 0}
  m_NavMeshLayer: 0
  m_StaticEditorFlags: 0
  m_IsActive: 1
--- !u!4 &4029775281044820
Transform:
  m_ObjectHideFlags: 1
  m_PrefabParentObject: {fileID: 0}
  m_PrefabInternal: {fileID: 100100000}
  m_GameObject: {fileID: 1499497228112860}
  m_LocalRotation: {x: -0.011016605, y: -0.0002521592, z: -0.022881629, w: 0.9996775}
  m_LocalPosition: {x: 0.022944802, y: -0.00000007977574, z: -0.00000007166869}
  m_LocalScale: {x: 1, y: 1, z: 1}
  m_Children: []
  m_Father: {fileID: 4896546602527116}
  m_RootOrder: 0
  m_LocalEulerAnglesHint: {x: 0, y: 0, z: 0}
--- !u!4 &4038679436040952
Transform:
  m_ObjectHideFlags: 1
  m_PrefabParentObject: {fileID: 0}
  m_PrefabInternal: {fileID: 100100000}
  m_GameObject: {fileID: 1337065988786290}
  m_LocalRotation: {x: 0.01051078, y: 0.008772642, z: 0.0023886247, w: 0.99990344}
  m_LocalPosition: {x: 0.07225248, y: -0.0139042325, z: 0.013558211}
  m_LocalScale: {x: 1, y: 1, z: 1}
  m_Children:
  - {fileID: 4843777761908348}
  m_Father: {fileID: 4121995234083904}
  m_RootOrder: 3
  m_LocalEulerAnglesHint: {x: 0, y: 0, z: 0}
--- !u!4 &4076612672906446
Transform:
  m_ObjectHideFlags: 1
  m_PrefabParentObject: {fileID: 0}
  m_PrefabInternal: {fileID: 100100000}
  m_GameObject: {fileID: 1188027163721516}
  m_LocalRotation: {x: 0.0007113588, y: 0.0004798609, z: 0.011196686, w: 0.999937}
  m_LocalPosition: {x: -0.04053395, y: -2.3314683e-17, z: 9.922638e-19}
  m_LocalScale: {x: 1, y: 1, z: 1}
  m_Children:
  - {fileID: 4550527626428404}
  m_Father: {fileID: 4908781371642916}
  m_RootOrder: 0
  m_LocalEulerAnglesHint: {x: 0, y: 0, z: 0}
--- !u!4 &4089521975800614
Transform:
  m_ObjectHideFlags: 1
  m_PrefabParentObject: {fileID: 0}
  m_PrefabInternal: {fileID: 100100000}
  m_GameObject: {fileID: 1799278383653934}
  m_LocalRotation: {x: -0.011060424, y: -0.000267697, z: -0.024194574, w: 0.99964607}
  m_LocalPosition: {x: 0.02170031, y: 0.00000020217867, z: -0.00000009377064}
  m_LocalScale: {x: 1, y: 1, z: 1}
  m_Children: []
  m_Father: {fileID: 4843777761908348}
  m_RootOrder: 0
  m_LocalEulerAnglesHint: {x: 0, y: 0, z: 0}
--- !u!4 &4121995234083904
Transform:
  m_ObjectHideFlags: 1
  m_PrefabParentObject: {fileID: 0}
  m_PrefabInternal: {fileID: 100100000}
  m_GameObject: {fileID: 1854420640038914}
  m_LocalRotation: {x: -0.7059572, y: -0.015687702, z: 0.0068027773, w: 0.70804816}
  m_LocalPosition: {x: 0.30588374, y: -0.03317292, z: 0.007066546}
  m_LocalScale: {x: 1, y: 1, z: 1}
  m_Children:
  - {fileID: 4220025637756116}
  - {fileID: 4889241296538150}
  - {fileID: 4140041253165312}
  - {fileID: 4038679436040952}
  - {fileID: 4611681812799926}
  m_Father: {fileID: 4861036711980784}
  m_RootOrder: 0
  m_LocalEulerAnglesHint: {x: 0, y: 0, z: 0}
--- !u!4 &4123387003669226
Transform:
  m_ObjectHideFlags: 1
  m_PrefabParentObject: {fileID: 0}
  m_PrefabInternal: {fileID: 100100000}
  m_GameObject: {fileID: 1836691943887682}
  m_LocalRotation: {x: -0.41058227, y: 0.44783446, z: 0.53675634, w: 0.5854563}
  m_LocalPosition: {x: -0.24796544, y: -0.018968333, z: 0.13130726}
  m_LocalScale: {x: 1, y: 1, z: 1}
  m_Children:
  - {fileID: 4846145003384888}
  m_Father: {fileID: 4317210808588722}
  m_RootOrder: 0
  m_LocalEulerAnglesHint: {x: 0, y: 0, z: 0}
--- !u!4 &4140041253165312
Transform:
  m_ObjectHideFlags: 1
  m_PrefabParentObject: {fileID: 0}
  m_PrefabInternal: {fileID: 100100000}
  m_GameObject: {fileID: 1575533049179682}
  m_LocalRotation: {x: 0.010538501, y: 0.008739322, z: 0.005554213, w: 0.99989086}
  m_LocalPosition: {x: 0.07244643, y: -0.013907843, z: 0.031932004}
  m_LocalScale: {x: 1, y: 1, z: 1}
  m_Children:
  - {fileID: 4272560128430996}
  m_Father: {fileID: 4121995234083904}
  m_RootOrder: 2
  m_LocalEulerAnglesHint: {x: 0, y: 0, z: 0}
--- !u!4 &4149857294965002
Transform:
  m_ObjectHideFlags: 1
  m_PrefabParentObject: {fileID: 0}
  m_PrefabInternal: {fileID: 100100000}
  m_GameObject: {fileID: 1072745445949492}
  m_LocalRotation: {x: 0.010313046, y: -0.00011086465, z: 0.0107487505, w: 0.9998891}
  m_LocalPosition: {x: -0.071809866, y: 0.012475326, z: 0.005054819}
  m_LocalScale: {x: 1, y: 1, z: 1}
  m_Children:
  - {fileID: 4433165986740474}
  m_Father: {fileID: 4463507972083158}
  m_RootOrder: 1
  m_LocalEulerAnglesHint: {x: 0, y: 0, z: 0}
--- !u!4 &4161084642421344
Transform:
  m_ObjectHideFlags: 1
  m_PrefabParentObject: {fileID: 0}
  m_PrefabInternal: {fileID: 100100000}
  m_GameObject: {fileID: 1990490328250264}
  m_LocalRotation: {x: -0.011272594, y: -0.00034267167, z: -0.030382684, w: 0.9994747}
  m_LocalPosition: {x: 0.017282948, y: -0.00000019535615, z: 0.000000014650439}
  m_LocalScale: {x: 1, y: 1, z: 1}
  m_Children: []
  m_Father: {fileID: 4272560128430996}
  m_RootOrder: 0
  m_LocalEulerAnglesHint: {x: 0, y: 0, z: 0}
--- !u!4 &4220025637756116
Transform:
  m_ObjectHideFlags: 1
  m_PrefabParentObject: {fileID: 0}
  m_PrefabInternal: {fileID: 100100000}
  m_GameObject: {fileID: 1160476797373238}
  m_LocalRotation: {x: 0.010504893, y: 0.00877969, z: 0.0017179537, w: 0.9999048}
  m_LocalPosition: {x: 0.06940201, y: -0.013847475, z: -0.026764035}
  m_LocalScale: {x: 1, y: 1, z: 1}
  m_Children:
  - {fileID: 4896546602527116}
  m_Father: {fileID: 4121995234083904}
  m_RootOrder: 0
  m_LocalEulerAnglesHint: {x: 0, y: 0, z: 0}
--- !u!4 &4272560128430996
Transform:
  m_ObjectHideFlags: 1
  m_PrefabParentObject: {fileID: 0}
  m_PrefabInternal: {fileID: 100100000}
  m_GameObject: {fileID: 1621972251349656}
  m_LocalRotation: {x: 0.0009738356, y: 0.00064097386, z: 0.014862133, w: 0.9998889}
  m_LocalPosition: {x: 0.030516144, y: -0.0000000478116, z: 0.000000060660284}
  m_LocalScale: {x: 1, y: 1, z: 1}
  m_Children:
  - {fileID: 4161084642421344}
  m_Father: {fileID: 4140041253165312}
  m_RootOrder: 0
  m_LocalEulerAnglesHint: {x: 0, y: 0, z: 0}
--- !u!4 &4310445192531768
Transform:
  m_ObjectHideFlags: 1
  m_PrefabParentObject: {fileID: 0}
  m_PrefabInternal: {fileID: 100100000}
  m_GameObject: {fileID: 1490511083270432}
  m_LocalRotation: {x: -0.05499202, y: 0.10791634, z: -0.45085245, w: 0.88434273}
  m_LocalPosition: {x: -0.2383711, y: 0.03532467, z: -0.0012605645}
  m_LocalScale: {x: 1, y: 1, z: 1}
  m_Children:
  - {fileID: 4463507972083158}
  m_Father: {fileID: 4846145003384888}
  m_RootOrder: 0
  m_LocalEulerAnglesHint: {x: 0, y: 0, z: 0}
--- !u!4 &4317210808588722
Transform:
  m_ObjectHideFlags: 1
  m_PrefabParentObject: {fileID: 0}
  m_PrefabInternal: {fileID: 100100000}
  m_GameObject: {fileID: 1448419059214212}
  m_LocalRotation: {x: 0, y: -0, z: -0.009375348, w: 0.9999561}
  m_LocalPosition: {x: -0.08024527, y: 0.00062167255, z: -9.82317e-18}
  m_LocalScale: {x: 1, y: 1, z: 1}
  m_Children:
  - {fileID: 4123387003669226}
  - {fileID: 4842992332122502}
  - {fileID: 4424113356924380}
  m_Father: {fileID: 4885952018084566}
  m_RootOrder: 1
  m_LocalEulerAnglesHint: {x: 0, y: 0, z: 0}
--- !u!4 &4331838884289672
Transform:
  m_ObjectHideFlags: 1
  m_PrefabParentObject: {fileID: 0}
  m_PrefabInternal: {fileID: 100100000}
  m_GameObject: {fileID: 1890072131983886}
  m_LocalRotation: {x: 0.0103124, y: -0.00016005653, z: 0.01551809, w: 0.9998264}
  m_LocalPosition: {x: -0.07212005, y: 0.012475326, z: -0.03323619}
  m_LocalScale: {x: 1, y: 1, z: 1}
  m_Children:
  - {fileID: 4935806796352930}
  m_Father: {fileID: 4463507972083158}
  m_RootOrder: 2
  m_LocalEulerAnglesHint: {x: 0, y: 0, z: 0}
--- !u!4 &4424113356924380
Transform:
  m_ObjectHideFlags: 1
  m_PrefabParentObject: {fileID: 0}
  m_PrefabInternal: {fileID: 100100000}
  m_GameObject: {fileID: 1161017697783658}
  m_LocalRotation: {x: 0.44783446, y: 0.41058227, z: -0.5854563, w: 0.53675634}
  m_LocalPosition: {x: -0.24796993, y: -0.01896791, z: -0.13130699}
  m_LocalScale: {x: 1, y: 1, z: 1}
  m_Children:
  - {fileID: 4991259732815432}
  m_Father: {fileID: 4317210808588722}
  m_RootOrder: 2
  m_LocalEulerAnglesHint: {x: 0, y: 0, z: 0}
--- !u!4 &4433165986740474
Transform:
  m_ObjectHideFlags: 1
  m_PrefabParentObject: {fileID: 0}
  m_PrefabInternal: {fileID: 100100000}
  m_GameObject: {fileID: 1146585048406438}
  m_LocalRotation: {x: 0.00064981356, y: 0.00044095775, z: 0.010304518, w: 0.9999466}
  m_LocalPosition: {x: -0.044052828, y: 2.220446e-18, z: 1.3147821e-18}
  m_LocalScale: {x: 1, y: 1, z: 1}
  m_Children:
  - {fileID: 4604505240372378}
  m_Father: {fileID: 4149857294965002}
  m_RootOrder: 0
  m_LocalEulerAnglesHint: {x: 0, y: 0, z: 0}
--- !u!4 &4441910623811088
Transform:
  m_ObjectHideFlags: 1
  m_PrefabParentObject: {fileID: 0}
  m_PrefabInternal: {fileID: 100100000}
  m_GameObject: {fileID: 1812477985258192}
  m_LocalRotation: {x: 0, y: -0, z: -0, w: 1}
  m_LocalPosition: {x: -0.079593115, y: 0, z: -2.0962138e-17}
  m_LocalScale: {x: 1, y: 1, z: 1}
  m_Children: []
  m_Father: {fileID: 4842992332122502}
  m_RootOrder: 0
  m_LocalEulerAnglesHint: {x: 0, y: 0, z: 0}
--- !u!4 &4463507972083158
Transform:
  m_ObjectHideFlags: 1
  m_PrefabParentObject: {fileID: 0}
  m_PrefabInternal: {fileID: 100100000}
  m_GameObject: {fileID: 1331649010931788}
  m_LocalRotation: {x: -0.0034134407, y: 0.0066458187, z: 0.45418105, w: 0.89087814}
  m_LocalPosition: {x: -0.17692582, y: -0.24830171, z: 0.04193508}
  m_LocalScale: {x: 1, y: 1, z: 1}
  m_Children:
  - {fileID: 4908781371642916}
  - {fileID: 4149857294965002}
  - {fileID: 4331838884289672}
  - {fileID: 4751292317383558}
  - {fileID: 4940054081381864}
  m_Father: {fileID: 4310445192531768}
  m_RootOrder: 0
  m_LocalEulerAnglesHint: {x: 0, y: 0, z: 0}
--- !u!4 &4464981317859512
Transform:
  m_ObjectHideFlags: 1
  m_PrefabParentObject: {fileID: 0}
  m_PrefabInternal: {fileID: 100100000}
  m_GameObject: {fileID: 1512158942549926}
  m_LocalRotation: {x: 0.00064981356, y: 0.00044095775, z: 0.010304518, w: 0.9999466}
  m_LocalPosition: {x: 0.044053018, y: 0.0000006337014, z: -0.000000019575731}
  m_LocalScale: {x: 1, y: 1, z: 1}
  m_Children:
  - {fileID: 4819930248825914}
  m_Father: {fileID: 4889241296538150}
  m_RootOrder: 0
  m_LocalEulerAnglesHint: {x: 0, y: 0, z: 0}
--- !u!4 &4473083911583798
Transform:
  m_ObjectHideFlags: 1
  m_PrefabParentObject: {fileID: 0}
  m_PrefabInternal: {fileID: 100100000}
  m_GameObject: {fileID: 1090036451067156}
  m_LocalRotation: {x: 0.037740186, y: 0.9992876, z: 5.5119633e-17, w: 1.6300862e-16}
  m_LocalPosition: {x: 0.028992068, y: -0.0025938721, z: 1.22991095e-17}
  m_LocalScale: {x: 1, y: 1, z: 1}
  m_Children:
  - {fileID: 4640948722891444}
  - {fileID: 4759645277151802}
  m_Father: {fileID: 4885952018084566}
  m_RootOrder: 0
  m_LocalEulerAnglesHint: {x: 0, y: 0, z: 0}
--- !u!4 &4538913685343752
Transform:
  m_ObjectHideFlags: 1
  m_PrefabParentObject: {fileID: 0}
  m_PrefabInternal: {fileID: 100100000}
  m_GameObject: {fileID: 1725496337734312}
  m_LocalRotation: {x: 0.000000012219929, y: -0.000000004148106, z: -0.3214394, w: 0.94693017}
  m_LocalPosition: {x: 0.13787201, y: 0.00000006441087, z: -3.5527136e-17}
  m_LocalScale: {x: 1, y: 1, z: 1}
  m_Children: []
  m_Father: {fileID: 4967873203349408}
  m_RootOrder: 0
  m_LocalEulerAnglesHint: {x: 0, y: 0, z: 0}
--- !u!4 &4550527626428404
Transform:
  m_ObjectHideFlags: 1
  m_PrefabParentObject: {fileID: 0}
  m_PrefabInternal: {fileID: 100100000}
  m_GameObject: {fileID: 1606848730572010}
  m_LocalRotation: {x: -0.011016605, y: -0.0002521592, z: -0.022881629, w: 0.9996775}
  m_LocalPosition: {x: -0.02294514, y: -3.190986e-16, z: 9.775166e-18}
  m_LocalScale: {x: 1, y: 1, z: 1}
  m_Children: []
  m_Father: {fileID: 4076612672906446}
  m_RootOrder: 0
  m_LocalEulerAnglesHint: {x: 0, y: 0, z: 0}
--- !u!4 &4559271888518486
Transform:
  m_ObjectHideFlags: 1
  m_PrefabParentObject: {fileID: 0}
  m_PrefabInternal: {fileID: 100100000}
  m_GameObject: {fileID: 1709548651108548}
  m_LocalRotation: {x: 0.12274438, y: -0.08501493, z: 0.3184496, w: 0.9361069}
  m_LocalPosition: {x: 0.028778402, y: 0.0016480286, z: 0.0024040877}
  m_LocalScale: {x: 1, y: 1, z: 1}
  m_Children: []
  m_Father: {fileID: 4611681812799926}
  m_RootOrder: 0
  m_LocalEulerAnglesHint: {x: 0, y: 0, z: 0}
--- !u!4 &4604505240372378
Transform:
  m_ObjectHideFlags: 1
  m_PrefabParentObject: {fileID: 0}
  m_PrefabInternal: {fileID: 100100000}
  m_GameObject: {fileID: 1724154036118392}
  m_LocalRotation: {x: -0.010956354, y: -0.00023076385, z: -0.021056168, w: 0.99971825}
  m_LocalPosition: {x: -0.024933377, y: 1.4801235e-16, z: -4.9960034e-18}
  m_LocalScale: {x: 1, y: 1, z: 1}
  m_Children: []
  m_Father: {fileID: 4433165986740474}
  m_RootOrder: 0
  m_LocalEulerAnglesHint: {x: 0, y: 0, z: 0}
--- !u!4 &4611681812799926
Transform:
  m_ObjectHideFlags: 1
  m_PrefabParentObject: {fileID: 0}
  m_PrefabInternal: {fileID: 100100000}
  m_GameObject: {fileID: 1785936669954188}
  m_LocalRotation: {x: 0.4233163, y: 0.3750433, z: -0.09540078, w: 0.8191731}
  m_LocalPosition: {x: 0.046120938, y: 0.0039559877, z: -0.04782508}
  m_LocalScale: {x: 1, y: 1, z: 1}
  m_Children:
  - {fileID: 4559271888518486}
  m_Father: {fileID: 4121995234083904}
  m_RootOrder: 4
  m_LocalEulerAnglesHint: {x: 0, y: 0, z: 0}
--- !u!4 &4622349056579270
Transform:
  m_ObjectHideFlags: 1
  m_PrefabParentObject: {fileID: 0}
  m_PrefabInternal: {fileID: 100100000}
  m_GameObject: {fileID: 1426954844398630}
  m_LocalRotation: {x: 0.0007561775, y: 0.00050791446, z: 0.011838988, w: 0.99992955}
  m_LocalPosition: {x: -0.038333587, y: -2.4980017e-18, z: 4.4126392e-18}
  m_LocalScale: {x: 1, y: 1, z: 1}
  m_Children:
  - {fileID: 4637282881822106}
  m_Father: {fileID: 4751292317383558}
  m_RootOrder: 0
  m_LocalEulerAnglesHint: {x: 0, y: 0, z: 0}
--- !u!4 &4637282881822106
Transform:
  m_ObjectHideFlags: 1
  m_PrefabParentObject: {fileID: 0}
  m_PrefabInternal: {fileID: 100100000}
  m_GameObject: {fileID: 1072094720901812}
  m_LocalRotation: {x: -0.011060424, y: -0.000267697, z: -0.024194574, w: 0.99964607}
  m_LocalPosition: {x: -0.021700656, y: -6.477451e-17, z: 8.274631e-18}
  m_LocalScale: {x: 1, y: 1, z: 1}
  m_Children: []
  m_Father: {fileID: 4622349056579270}
  m_RootOrder: 0
  m_LocalEulerAnglesHint: {x: 0, y: 0, z: 0}
--- !u!4 &4640169282688438
Transform:
  m_ObjectHideFlags: 1
  m_PrefabParentObject: {fileID: 0}
  m_PrefabInternal: {fileID: 100100000}
  m_GameObject: {fileID: 1397643635666376}
  m_LocalRotation: {x: -0.011272594, y: -0.00034267167, z: -0.030382684, w: 0.9994747}
  m_LocalPosition: {x: -0.017283713, y: -3.8666223e-16, z: 1.5274239e-17}
  m_LocalScale: {x: 1, y: 1, z: 1}
  m_Children: []
  m_Father: {fileID: 4935806796352930}
  m_RootOrder: 0
  m_LocalEulerAnglesHint: {x: 0, y: 0, z: 0}
--- !u!4 &4640948722891444
Transform:
  m_ObjectHideFlags: 1
  m_PrefabParentObject: {fileID: 0}
  m_PrefabInternal: {fileID: 100100000}
  m_GameObject: {fileID: 1135628459623012}
  m_LocalRotation: {x: 0.9957005, y: 0.09263137, z: 6.7376925e-17, w: 7.2423885e-16}
  m_LocalPosition: {x: -0.12213361, y: 0.011331997, z: -0.068905555}
  m_LocalScale: {x: 1, y: 1, z: 1}
  m_Children:
  - {fileID: 4999489118582118}
  m_Father: {fileID: 4473083911583798}
  m_RootOrder: 0
  m_LocalEulerAnglesHint: {x: 0, y: 0, z: 0}
--- !u!4 &4686978648795022
Transform:
  m_ObjectHideFlags: 1
  m_PrefabParentObject: {fileID: 0}
  m_PrefabInternal: {fileID: 100100000}
  m_GameObject: {fileID: 1985086990578672}
  m_LocalRotation: {x: 0, y: -0, z: -0, w: 1}
  m_LocalPosition: {x: -0, y: 0, z: 0}
  m_LocalScale: {x: 1, y: 1, z: 1}
  m_Children: []
  m_Father: {fileID: 4975107914332770}
  m_RootOrder: 0
  m_LocalEulerAnglesHint: {x: 0, y: 0, z: 0}
--- !u!4 &4751292317383558
Transform:
  m_ObjectHideFlags: 1
  m_PrefabParentObject: {fileID: 0}
  m_PrefabInternal: {fileID: 100100000}
  m_GameObject: {fileID: 1280517582951872}
  m_LocalRotation: {x: 0.010312854, y: -0.00012740763, z: 0.012352655, w: 0.99987054}
  m_LocalPosition: {x: -0.072257206, y: 0.012475326, z: -0.014861824}
  m_LocalScale: {x: 1, y: 1, z: 1}
  m_Children:
  - {fileID: 4622349056579270}
  m_Father: {fileID: 4463507972083158}
  m_RootOrder: 3
  m_LocalEulerAnglesHint: {x: 0, y: 0, z: 0}
--- !u!4 &4753199494264958
Transform:
  m_ObjectHideFlags: 1
  m_PrefabParentObject: {fileID: 0}
  m_PrefabInternal: {fileID: 100100000}
  m_GameObject: {fileID: 1424810783664744}
  m_LocalRotation: {x: 0.86925447, y: 0.49436495, z: 3.027112e-17, w: 5.3226485e-17}
  m_LocalPosition: {x: -0.43405014, y: -8.4273525e-18, z: -8.746468e-18}
  m_LocalScale: {x: 1, y: 1, z: 1}
  m_Children:
  - {fileID: 4848117340357178}
  m_Father: {fileID: 4999489118582118}
  m_RootOrder: 0
  m_LocalEulerAnglesHint: {x: 0, y: 0, z: 0}
--- !u!4 &4759645277151802
Transform:
  m_ObjectHideFlags: 1
  m_PrefabParentObject: {fileID: 0}
  m_PrefabInternal: {fileID: 100100000}
  m_GameObject: {fileID: 1348340933404338}
  m_LocalRotation: {x: 0, y: 0, z: 0.9957005, w: -0.09263137}
  m_LocalPosition: {x: -0.1221335, y: 0.011331954, z: 0.0689056}
  m_LocalScale: {x: 1, y: 1, z: 1}
  m_Children:
  - {fileID: 4779626945941294}
  m_Father: {fileID: 4473083911583798}
  m_RootOrder: 1
  m_LocalEulerAnglesHint: {x: 0, y: 0, z: 0}
--- !u!4 &4779626945941294
Transform:
  m_ObjectHideFlags: 1
  m_PrefabParentObject: {fileID: 0}
  m_PrefabInternal: {fileID: 100100000}
  m_GameObject: {fileID: 1715210607256580}
  m_LocalRotation: {x: 0, y: -0, z: -0.018812645, w: 0.99982303}
  m_LocalPosition: {x: 0.3717341, y: -0.001996706, z: 0.073036395}
  m_LocalScale: {x: 1, y: 1, z: 1}
  m_Children:
  - {fileID: 4967873203349408}
  m_Father: {fileID: 4759645277151802}
  m_RootOrder: 0
  m_LocalEulerAnglesHint: {x: 0, y: 0, z: 0}
--- !u!4 &4819930248825914
Transform:
  m_ObjectHideFlags: 1
  m_PrefabParentObject: {fileID: 0}
  m_PrefabInternal: {fileID: 100100000}
  m_GameObject: {fileID: 1931408424841770}
  m_LocalRotation: {x: -0.010956354, y: -0.00023076385, z: -0.021056168, w: 0.99971825}
  m_LocalPosition: {x: 0.024932733, y: -0.00000037860835, z: 0.000000067108736}
  m_LocalScale: {x: 1, y: 1, z: 1}
  m_Children: []
  m_Father: {fileID: 4464981317859512}
  m_RootOrder: 0
  m_LocalEulerAnglesHint: {x: 0, y: 0, z: 0}
--- !u!4 &4840262827136206
Transform:
  m_ObjectHideFlags: 1
  m_PrefabParentObject: {fileID: 0}
  m_PrefabInternal: {fileID: 100100000}
  m_GameObject: {fileID: 1202397555736446}
  m_LocalRotation: {x: -0.42036253, y: -0.37180415, z: 0.08352769, w: 0.8234563}
  m_LocalPosition: {x: -0.028778248, y: -0.0016480584, z: -0.002403863}
  m_LocalScale: {x: 1, y: 1, z: 1}
  m_Children: []
  m_Father: {fileID: 4940054081381864}
  m_RootOrder: 0
  m_LocalEulerAnglesHint: {x: 0, y: 0, z: 0}
--- !u!4 &4842992332122502
Transform:
  m_ObjectHideFlags: 1
  m_PrefabParentObject: {fileID: 0}
  m_PrefabInternal: {fileID: 100100000}
  m_GameObject: {fileID: 1619692753938734}
  m_LocalRotation: {x: 0, y: -0, z: -0.15122359, w: 0.9884996}
  m_LocalPosition: {x: -0.39539942, y: 1.2878587e-16, z: -8.9015506e-17}
  m_LocalScale: {x: 1, y: 1, z: 1}
  m_Children:
  - {fileID: 4441910623811088}
  m_Father: {fileID: 4317210808588722}
  m_RootOrder: 1
  m_LocalEulerAnglesHint: {x: 0, y: 0, z: 0}
--- !u!4 &4843777761908348
Transform:
  m_ObjectHideFlags: 1
  m_PrefabParentObject: {fileID: 0}
  m_PrefabInternal: {fileID: 100100000}
  m_GameObject: {fileID: 1967317555055984}
  m_LocalRotation: {x: 0.0007561775, y: 0.00050791446, z: 0.011838988, w: 0.99992955}
  m_LocalPosition: {x: 0.03833457, y: -0.00000014894434, z: 0.000000029383655}
  m_LocalScale: {x: 1, y: 1, z: 1}
  m_Children:
  - {fileID: 4089521975800614}
  m_Father: {fileID: 4038679436040952}
  m_RootOrder: 0
  m_LocalEulerAnglesHint: {x: 0, y: 0, z: 0}
--- !u!4 &4846145003384888
Transform:
  m_ObjectHideFlags: 1
  m_PrefabParentObject: {fileID: 0}
  m_PrefabInternal: {fileID: 100100000}
  m_GameObject: {fileID: 1618946061019594}
  m_LocalRotation: {x: 0.114033155, y: 0.00978106, z: 0.4396459, w: 0.89084923}
  m_LocalPosition: {x: -0.06358527, y: 0, z: -3.1086245e-17}
  m_LocalScale: {x: 1, y: 1, z: 1}
  m_Children:
  - {fileID: 4310445192531768}
  m_Father: {fileID: 4123387003669226}
  m_RootOrder: 0
  m_LocalEulerAnglesHint: {x: 0, y: 0, z: 0}
--- !u!4 &4848117340357178
Transform:
  m_ObjectHideFlags: 1
  m_PrefabParentObject: {fileID: 0}
  m_PrefabInternal: {fileID: 100100000}
  m_GameObject: {fileID: 1924034979265488}
  m_LocalRotation: {x: -0.22729197, y: -0.66958076, z: -0.22729197, w: 0.66958076}
  m_LocalPosition: {x: -0.13787192, y: -2.6645352e-17, z: 3.5527136e-17}
  m_LocalScale: {x: 1, y: 1, z: 1}
  m_Children: []
  m_Father: {fileID: 4753199494264958}
  m_RootOrder: 0
  m_LocalEulerAnglesHint: {x: 0, y: 0, z: 0}
--- !u!4 &4861036711980784
Transform:
  m_ObjectHideFlags: 1
  m_PrefabParentObject: {fileID: 0}
  m_PrefabInternal: {fileID: 100100000}
  m_GameObject: {fileID: 1710757229880092}
  m_LocalRotation: {x: 0.7767065, y: 0.18686023, z: -0.025670227, w: 0.60095865}
  m_LocalPosition: {x: 0.24062023, y: 0.0051437393, z: -0.012117967}
  m_LocalScale: {x: 1, y: 1, z: 1}
  m_Children:
  - {fileID: 4121995234083904}
  m_Father: {fileID: 4991259732815432}
  m_RootOrder: 0
  m_LocalEulerAnglesHint: {x: 0, y: 0, z: 0}
--- !u!4 &4885952018084566
Transform:
  m_ObjectHideFlags: 1
  m_PrefabParentObject: {fileID: 0}
  m_PrefabInternal: {fileID: 100100000}
  m_GameObject: {fileID: 1041707161183114}
  m_LocalRotation: {x: 0.47294456, y: -0.52566475, z: -0.47294456, w: 0.52566475}
  m_LocalPosition: {x: -2.1878564e-33, y: 1.0628308, z: 0.035129853}
  m_LocalScale: {x: 1, y: 1, z: 1}
  m_Children:
  - {fileID: 4473083911583798}
  - {fileID: 4317210808588722}
  m_Father: {fileID: 4975107914332770}
  m_RootOrder: 1
  m_LocalEulerAnglesHint: {x: 0, y: 0, z: 0}
--- !u!4 &4889241296538150
Transform:
  m_ObjectHideFlags: 1
  m_PrefabParentObject: {fileID: 0}
  m_PrefabInternal: {fileID: 100100000}
  m_GameObject: {fileID: 1815113690182690}
  m_LocalRotation: {x: 0.010496695, y: 0.008789492, z: 0.0007846789, w: 0.999906}
  m_LocalPosition: {x: 0.07144747, y: -0.013888802, z: -0.0063472134}
  m_LocalScale: {x: 1, y: 1, z: 1}
  m_Children:
  - {fileID: 4464981317859512}
  m_Father: {fileID: 4121995234083904}
  m_RootOrder: 1
  m_LocalEulerAnglesHint: {x: 0, y: 0, z: 0}
--- !u!4 &4896546602527116
Transform:
  m_ObjectHideFlags: 1
  m_PrefabParentObject: {fileID: 0}
  m_PrefabInternal: {fileID: 100100000}
  m_GameObject: {fileID: 1564040287706746}
  m_LocalRotation: {x: 0.0007113588, y: 0.0004798609, z: 0.011196686, w: 0.999937}
  m_LocalPosition: {x: 0.04053422, y: -0.0000009354332, z: 0.000000022560922}
  m_LocalScale: {x: 1, y: 1, z: 1}
  m_Children:
  - {fileID: 4029775281044820}
  m_Father: {fileID: 4220025637756116}
  m_RootOrder: 0
  m_LocalEulerAnglesHint: {x: 0, y: 0, z: 0}
--- !u!4 &4908781371642916
Transform:
  m_ObjectHideFlags: 1
  m_PrefabParentObject: {fileID: 0}
  m_PrefabInternal: {fileID: 100100000}
  m_GameObject: {fileID: 1179381016780804}
  m_LocalRotation: {x: 0.010312937, y: -0.00012049041, z: 0.011682004, w: 0.9998786}
  m_LocalPosition: {x: -0.07013222, y: 0.012475326, z: 0.025505245}
  m_LocalScale: {x: 1, y: 1, z: 1}
  m_Children:
  - {fileID: 4076612672906446}
  m_Father: {fileID: 4463507972083158}
  m_RootOrder: 0
  m_LocalEulerAnglesHint: {x: 0, y: 0, z: 0}
--- !u!4 &4935806796352930
Transform:
  m_ObjectHideFlags: 1
  m_PrefabParentObject: {fileID: 0}
  m_PrefabInternal: {fileID: 100100000}
  m_GameObject: {fileID: 1557580841058530}
  m_LocalRotation: {x: 0.0009738356, y: 0.00064097386, z: 0.014862133, w: 0.9998889}
  m_LocalPosition: {x: -0.030515512, y: -3.1502578e-17, z: 2.4720094e-18}
  m_LocalScale: {x: 1, y: 1, z: 1}
  m_Children:
  - {fileID: 4640169282688438}
  m_Father: {fileID: 4331838884289672}
  m_RootOrder: 0
  m_LocalEulerAnglesHint: {x: 0, y: 0, z: 0}
--- !u!4 &4940054081381864
Transform:
  m_ObjectHideFlags: 1
  m_PrefabParentObject: {fileID: 0}
  m_PrefabInternal: {fileID: 100100000}
  m_GameObject: {fileID: 1745958585362238}
  m_LocalRotation: {x: 0.42036253, y: 0.37180415, z: -0.08352769, w: 0.8234563}
  m_LocalPosition: {x: -0.046887316, y: -0.004865311, z: 0.046988335}
  m_LocalScale: {x: 1, y: 1, z: 1}
  m_Children:
  - {fileID: 4840262827136206}
  m_Father: {fileID: 4463507972083158}
  m_RootOrder: 4
  m_LocalEulerAnglesHint: {x: 0, y: 0, z: 0}
--- !u!4 &4967873203349408
Transform:
  m_ObjectHideFlags: 1
  m_PrefabParentObject: {fileID: 0}
  m_PrefabInternal: {fileID: 100100000}
  m_GameObject: {fileID: 1862282148526928}
  m_LocalRotation: {x: 0, y: -0, z: -0.49436495, w: 0.86925447}
  m_LocalPosition: {x: 0.43404976, y: 0.00000007899868, z: -1.7763568e-17}
  m_LocalScale: {x: 1, y: 1, z: 1}
  m_Children:
  - {fileID: 4538913685343752}
  m_Father: {fileID: 4779626945941294}
  m_RootOrder: 0
  m_LocalEulerAnglesHint: {x: 0, y: 0, z: 0}
--- !u!4 &4975107914332770
Transform:
  m_ObjectHideFlags: 1
  m_PrefabParentObject: {fileID: 0}
  m_PrefabInternal: {fileID: 100100000}
  m_GameObject: {fileID: 1643974804578404}
  m_LocalRotation: {x: -0, y: -0, z: -0, w: 1}
  m_LocalPosition: {x: 0, y: 0.1, z: 0}
  m_LocalScale: {x: 1, y: 1, z: 1}
  m_Children:
  - {fileID: 4686978648795022}
  - {fileID: 4885952018084566}
  m_Father: {fileID: 0}
  m_RootOrder: 0
  m_LocalEulerAnglesHint: {x: 0, y: 0, z: 0}
--- !u!4 &4991259732815432
Transform:
  m_ObjectHideFlags: 1
  m_PrefabParentObject: {fileID: 0}
  m_PrefabInternal: {fileID: 100100000}
  m_GameObject: {fileID: 1177956451258168}
  m_LocalRotation: {x: -0.0008169309, y: -0.05782889, z: 0.36165696, w: 0.93051565}
  m_LocalPosition: {x: 0.063585564, y: 2.842171e-16, z: -0.000000039259945}
  m_LocalScale: {x: 1, y: 1, z: 1}
  m_Children:
  - {fileID: 4861036711980784}
  m_Father: {fileID: 4424113356924380}
  m_RootOrder: 0
  m_LocalEulerAnglesHint: {x: 0, y: 0, z: 0}
--- !u!4 &4999489118582118
Transform:
  m_ObjectHideFlags: 1
  m_PrefabParentObject: {fileID: 0}
  m_PrefabInternal: {fileID: 100100000}
  m_GameObject: {fileID: 1971753734745348}
  m_LocalRotation: {x: 4.4401062e-16, y: 8.354493e-18, z: 0.018812645, w: 0.99982303}
  m_LocalPosition: {x: -0.3717338, y: -0.0019966115, z: 0.07303617}
  m_LocalScale: {x: 1, y: 1, z: 1}
  m_Children:
  - {fileID: 4753199494264958}
  m_Father: {fileID: 4640948722891444}
  m_RootOrder: 0
  m_LocalEulerAnglesHint: {x: 0, y: 0, z: 0}
--- !u!95 &95463984440119920
Animator:
  serializedVersion: 3
  m_ObjectHideFlags: 1
  m_PrefabParentObject: {fileID: 0}
  m_PrefabInternal: {fileID: 100100000}
  m_GameObject: {fileID: 1643974804578404}
  m_Enabled: 1
  m_Avatar: {fileID: 9000000, guid: 320b1c2af77554f99a1658df4a6d3d5c, type: 3}
  m_Controller: {fileID: 9100000, guid: 1b222757b9e3844209748206173481c3, type: 2}
  m_CullingMode: 1
  m_UpdateMode: 0
  m_ApplyRootMotion: 1
  m_LinearVelocityBlending: 0
  m_WarningMessage: 
  m_HasTransformHierarchy: 1
  m_AllowConstantClipSamplingOptimization: 1
--- !u!114 &114514886545555080
MonoBehaviour:
  m_ObjectHideFlags: 1
  m_PrefabParentObject: {fileID: 0}
  m_PrefabInternal: {fileID: 100100000}
  m_GameObject: {fileID: 1643974804578404}
  m_Enabled: 1
  m_EditorHideFlags: 0
  m_Script: {fileID: 11500000, guid: 58d194f4a2c24f446aaef6ffa018fd65, type: 3}
  m_Name: 
  m_EditorClassIdentifier: 
  CurrentHealth: 100
  MaxHealth: 100
  _playerUiPrefab: {fileID: 170056, guid: e934d51952099ab448c82c52966739a2, type: 2}
  Damage: 10
--- !u!136 &136279187180933752
CapsuleCollider:
  m_ObjectHideFlags: 1
  m_PrefabParentObject: {fileID: 0}
  m_PrefabInternal: {fileID: 100100000}
  m_GameObject: {fileID: 1643974804578404}
  m_Material: {fileID: 0}
  m_IsTrigger: 0
  m_Enabled: 1
  m_Radius: 0.5
  m_Height: 1.65
  m_Direction: 1
  m_Center: {x: 0, y: 1, z: 0}
--- !u!137 &137008244336830158
SkinnedMeshRenderer:
  m_ObjectHideFlags: 1
  m_PrefabParentObject: {fileID: 0}
  m_PrefabInternal: {fileID: 100100000}
  m_GameObject: {fileID: 1985086990578672}
  m_Enabled: 1
  m_CastShadows: 1
  m_ReceiveShadows: 1
  m_DynamicOccludee: 1
  m_MotionVectors: 1
  m_LightProbeUsage: 1
  m_ReflectionProbeUsage: 1
  m_Materials:
  - {fileID: 2100000, guid: a52e5f60e77a12b4da60f2bec156dde5, type: 2}
  m_StaticBatchInfo:
    firstSubMesh: 0
    subMeshCount: 0
  m_StaticBatchRoot: {fileID: 0}
  m_ProbeAnchor: {fileID: 0}
  m_LightProbeVolumeOverride: {fileID: 0}
  m_ScaleInLightmap: 1
  m_PreserveUVs: 0
  m_IgnoreNormalsForChartDetection: 0
  m_ImportantGI: 0
  m_StitchLightmapSeams: 0
  m_SelectedEditorRenderState: 3
  m_MinimumChartSize: 4
  m_AutoUVMaxDistance: 0.5
  m_AutoUVMaxAngle: 89
  m_LightmapParameters: {fileID: 0}
  m_SortingLayerID: 0
  m_SortingLayer: 0
  m_SortingOrder: 0
  serializedVersion: 2
  m_Quality: 0
  m_UpdateWhenOffscreen: 0
  m_SkinnedMotionVectors: 1
  m_Mesh: {fileID: 4300000, guid: 320b1c2af77554f99a1658df4a6d3d5c, type: 3}
  m_Bones:
  - {fileID: 4317210808588722}
  - {fileID: 4842992332122502}
  - {fileID: 4441910623811088}
  - {fileID: 4123387003669226}
  - {fileID: 4846145003384888}
  - {fileID: 4310445192531768}
  - {fileID: 4463507972083158}
  - {fileID: 4908781371642916}
  - {fileID: 4076612672906446}
  - {fileID: 4550527626428404}
  - {fileID: 4149857294965002}
  - {fileID: 4433165986740474}
  - {fileID: 4604505240372378}
  - {fileID: 4751292317383558}
  - {fileID: 4622349056579270}
  - {fileID: 4637282881822106}
  - {fileID: 4331838884289672}
  - {fileID: 4935806796352930}
  - {fileID: 4640169282688438}
  - {fileID: 4940054081381864}
  - {fileID: 4840262827136206}
  - {fileID: 4424113356924380}
  - {fileID: 4991259732815432}
  - {fileID: 4861036711980784}
  - {fileID: 4121995234083904}
  - {fileID: 4220025637756116}
  - {fileID: 4896546602527116}
  - {fileID: 4029775281044820}
  - {fileID: 4889241296538150}
  - {fileID: 4464981317859512}
  - {fileID: 4819930248825914}
  - {fileID: 4038679436040952}
  - {fileID: 4843777761908348}
  - {fileID: 4089521975800614}
  - {fileID: 4140041253165312}
  - {fileID: 4272560128430996}
  - {fileID: 4161084642421344}
  - {fileID: 4611681812799926}
  - {fileID: 4559271888518486}
  - {fileID: 4473083911583798}
  - {fileID: 4640948722891444}
  - {fileID: 4999489118582118}
  - {fileID: 4753199494264958}
  - {fileID: 4848117340357178}
  - {fileID: 4759645277151802}
  - {fileID: 4779626945941294}
  - {fileID: 4967873203349408}
  - {fileID: 4538913685343752}
  m_BlendShapeWeights: []
  m_RootBone: {fileID: 4317210808588722}
  m_AABB:
    m_Center: {x: 0.27024603, y: -0.041899905, z: -0.000000059604645}
    m_Extent: {x: 0.95254505, y: 0.23127724, z: 0.6514181}
  m_DirtyAABB: 0
